@misc{sat-npc,
   author = "Jeffrey D. Ullman",
   title = "The Satisfiability Problem",
   year = "2016",
   howpublished = "http://infolab.stanford.edu/~ullman/ialc/spr10/slides/pnp2.pdf",
 }

 @misc{fw-gen,
  author = "FIT-WIKI",
  title = "MI-PAA – Problémy a algoritmy",
  year = "",
  howpublished = "https://fit-wiki.cz/škola/předměty/mi-paa"
 }