@MISC {swift-introsort,
    author       = "Daniel Lemire",
    howpublished = "https://stackoverflow.com/questions/41031106/which-general-purpose-sorting-algorithm-does-swift-use-it-does-not-perform-well/41070802",
    month        = "prosinec",
    year         = "2016",
}

@misc{wiki-introsort,
   author = "Wikipedia",
   title = "Introsort --- Wikipedia, The Free Encyclopedia",
   year = "2017",
   howpublished = "http://en.wikipedia.org/w/index.php?title=Introsort\&oldid=799615933",
 }
